<?xml version="1.0" encoding="UTF-8"?><collection xmlns="http://www.loc.gov/MARC21/slim"><record><leader>00477nam--2200145-i-4500</leader><controlfield tag="001">000033088</controlfield><controlfield tag="002">20161230</controlfield><controlfield tag="005">20161230201039</controlfield><controlfield tag="008">060222s1000------------r-----000-0-eng-d</controlfield><datafield ind1=" " ind2=" " tag="080"><subfield code="a">621.3(021)=59</subfield></datafield><datafield ind1=" " ind2=" " tag="100"><subfield code="a">Mansurov, N.N., Popas, V.S., Nicolaev, S.A</subfield></datafield><datafield ind1=" " ind2=" " tag="245"><subfield code="a">Electrotehnica. trad.din l.rusa. numai pt.documentare</subfield></datafield><datafield ind1=" " ind2=" " tag="260"><subfield code="a">[Bucuresti], Ed.Energ.De Stat, 1954, 360p.Cu Ilustr</subfield></datafield><datafield ind1=" " ind2=" " tag="490"><subfield code="a">Minist.Energ.Electrice Si Industr.Electrotehnice, [Litografiat]</subfield></datafield><datafield ind1=" " ind2=" " tag="852"><subfield code="a">3093</subfield></datafield></record></collection>